@INPROCEEDINGS{facsko_sw2024,
       author = {{Facsko}, Gabor and {Koban}, Gergely and {Biro}, Nikolett and {Lkhagvadorj}, Munkhjargal},
        title = "{Space Weather Effects on Critical Infrastructure}",
     keywords = {Physics - Space Physics},
    booktitle = {In: Kov{\'a}cs},
         year = 2024,
        month = mar,
        pages = {45-56},
          doi = {10.1007/978-3-031-47990-8\_5},
archivePrefix = {arXiv},
       eprint = {2306.16380},
 primaryClass = {physics.space-ph}
}

@ARTICLE{facsko2022_ssr,
       author = {{Zhang}, Hui and {Zong}, Qiugang and {Connor}, Hyunju and {Delamere}, Peter and {Facsk{\'o}}, G{\'a}bor and {Han}, Desheng and {Hasegawa}, Hiroshi and {Kallio}, Esa and {Kis}, {\'A}rp{\'a}d and {Le}, Guan and {Lemb{\`e}ge}, Bertrand and {Lin}, Yu and {Liu}, Terry and {Oksavik}, Kjellmar and {Omidi}, Nojan and {Otto}, Antonius and {Ren}, Jie and {Shi}, Quanqi and {Sibeck}, David and {Yao}, Shutao},
        title = "{Dayside Transient Phenomena and Their Impact on the Magnetosphere and Ionosphere}",
      journal = {Space Science Reviews},
     keywords = {Bow shock, Transient foreshock phenomena, Mirror mode, Surface waves, Flux transfer events, Ultra-low frequency waves},
         year = 2022,
        month = aug,
       volume = {218},
       number = {5},
          eid = {40},
        pages = {40},
          doi = {10.1007/s11214-021-00865-0}
}

@article{janhunen2012gumics,
  title={The GUMICS-4 global MHD magnetosphere--ionosphere coupling simulation},
  author={Janhunen, P and Palmroth, M and Laitinen, T and Honkonen, I and Juusola, L and Facsk{\'o}, G and Pulkkinen, TI},
  journal={Journal of Atmospheric and Solar-Terrestrial Physics},
  volume={80},
  pages={48--59},
  year={2012},
  publisher={Elsevier BV}
}